@article{Example,
    author  = "John Doe",
    title   = "The Title",
    year    = "2015",
    journal = "Journal Name",
    volume  = "99",
    number  = "2",
    pages   = "100-150"
}

@article{Garner05,
    author = "Sandy Garner, Patricia Haden, Anthony Robins",
    title = "My Program is Correct But it Doesn't Run: A Preliminary Investigation of Novice Programmers' Problems",
    year = "2005",
    journal = "ACE '05 Proceedings of the 7th Australasian conference on Computing", 
    volume = "42"
    pages = "173-180"
}

@article{Xinogalos15,
    author  = "Stelios Xinogalos",
    title   = "Object-Oriented Design and Programming: An Investigation of Novices' Conceptions on Objects and Classes",
    year    = "2015",
    journal = "ACM Transactions on Computing Education",
    volume  = "15",
    number  = "3"
}

@article{Periyasamy12,
    author  = "Kasi Periyasamy, Dave Riley, Kenny Hunt, Stuart Hansen, Paul Langhals",
    title   = "Teaching CS 1: Object-First or Algorithmic",
    year    = "2012",
    journal = "Journal of Computing Sciences in Colleges",
    volume  = "28",
    number  = "1",
    pages   = "111-112"
}